@misc{ tutorial,
	author = {Avnet},
    title  = {{Introduction to Zynq Hardware Lab 2 PS Configuration Part 1 \& Hello World}},
    howpublished    = {\url{http://zedboard.org/support/trainings-and-videos}}
}

@misc {cc4cs_git,
	author = {Vincenzo Stoico},
	title = {{Clock Cycles for C Statement}},
	howpublished = {\url{https://github.com/vnzstc/cc4cs}}
}

@misc {vivado_hls,
	author = {Xilinx},
	title = {{Vivado High-Level Synthesis}},
	howpublished = {\url{https://www.xilinx.com/products/design-tools/vivado/integration/esl-design.html}}
}

@misc {ise,
	author = {Xilinx},
	title = {{ISE Design Suite}},
	howpublished = {\url{https://www.xilinx.com/products/design-tools/ise-design-suite.html}}
}

@misc {xilinx_directives,
	author = {Xilinx},
	title = {{HLS Pragmas}},
	howpublished = {\url{https://www.xilinx.com/html_docs/xilinx2017_4/sdsoc_doc/okr1504034364623.html}}
}
	
@misc {repo_our_files,
	author = {{Angelo Damiani, Michele Iessi, Silvia Montecchia}},
	title = {{[Embedded Systems - Univaq] C Files for Vivado HLS projects}},
	howpublished = {\url{https://github.com/AngeloDamiani/es_vivadohls_cfiles}}
	}
	
@misc {mergesort_c,
	author = {{Angelo Damiani, Michele Iessi, Silvia Montecchia}},
	title = {{[Embedded Systems - Univaq] C Files for Vivado HLS projects - Mergesort \texttt{.c} file}},
	howpublished = {\url{https://github.com/vnzstc/cc4cs/blob/master/benchmark/custom_bench/mergesort/mergesort.c}}
}

@misc {mergesort_h,
	author = {{Angelo Damiani, Michele Iessi, Silvia Montecchia}},
	title = {{[Embedded Systems - Univaq] C Files for Vivado HLS projects - Mergesort \texttt{.h} file}},
	howpublished = {\url{https://github.com/vnzstc/cc4cs/blob/master/benchmark/custom_bench/mergesort/mergesort.h}}
}

@misc {zedboard,
	author = {{Avnet}},
	title = {{ZedBoard}},
	howpublished = {\url{http://zedboard.org/product/zedboard}}
}



