@misc{ arduino,
	author = {Arduino},
    title  = {Arduino Mega 2560 REV3},
    howpublished    = {\url{https://store.arduino.cc/arduino-mega-2560-rev3}}
}

@misc{ ballandbeam,
	author = {Peter Wellstead},
	title  = {Ball and Beam, Basics},
	howpublished    = {\url{http://www.control-systems-principles.co.uk/whitepapers/ball-and-beam1.pdf}}
}

@misc{ plancia,
	author = {Evidence},
	title  = {Amazing Ball},
	howpublished = {\url{http://www.evidence.eu.com/products/amazing-ball.html}}
	}